@preamble{ "\newcommand{\noopsort}[1]{} "
	# "\newcommand{\printfirst}[2]{#1} "
	# "\newcommand{\singleletter}[1]{#1} "
	# "\newcommand{\switchargs}[2]{#2#1} " }

@article{diamond2003love,
  title={Love Machine Building computers that care},
  author={Diamond, David},
  journal={WIRED-SAN FRANCISCO-},
  volume={11},
  number={12},
  pages={230--235},
  year={2003}
}

@book{picard2000affective,
  title={Affective computing},
  author={Picard, Rosalind W},
  year={2000},
  publisher={MIT press}
}
	
